@misc{fzu,
    title = {{Institute of Physics of the AS CR}},
    howpublished = {\url{http://www.fzu.cz/}}
}
@misc{dubna-kundrat,
    title = {Deska: Tool for Central Administration of a Grid Site},
    author = {Jan Kundr{\'a}t and Luk{\'a}{\v{s}} Kerpl and Martina Krej{\v{c}}ov{\'a} and Tom{\'a}{\v{s}} Hub{\'i}k},
    journal = {Proceedings of the GRID'2010 conference in JINR},
    year = {2010},
    volume = {10}
}
