@misc{fzu,
    title = {{Institute of Physics of the AS CR}},
    howpublished = {\url{http://www.fzu.cz/}}
}
@misc{rackmonkey,
    title = {RackMonkey, a web-based tool for managing racks of equipment},
    howpublished = {\url{http://www.rackmonkey.org/}}
}
@misc{cfengine,
    title = {Cfengine configuration management},
    howpublished = {\url{http://www.cfengine.org/}}
}
@misc{mrtg,
    title = {MRTG: The Multi Router Traffic Grapher},
    howpublished = {\url{http://oss.oetiker.ch/mrtg/}}
}
@misc{nagios,
    title = {Nagios Monitoring},
    howpublished = {\url{http://www.nagios.org/}}
}
@misc{ganglia,
    title = {Ganglia Monitoring System},
    howpublished = {\url{http://ganglia.sourceforge.net/}}
}
@misc{munin,
    title = {Munin, a networked resource monitoring tool},
    howpublished = {\url{http://munin-monitoring.org/}}
}
@misc{smurf,
    title = {The SMURF project},
    howpublished = {\url{https://forge.in2p3.fr/projects/smurf}}
}
@misc{ocs-inventory,
    title = {OCS Inventory},
    howpublished = {\url{http://www.ocsinventory-ng.org/en/}}
}
@misc{dubna-kundrat,
    title = {Deska: Tool for Central Administration of a Grid Site},
    author = {Jan Kundr{\'a}t and Luk{\'a}{\v{s}} Kerpl and Martina Krej{\v{c}}ov{\'a} and Tom{\'a}{\v{s}} Hub{\'i}k},
    journal = {Proceedings of the GRID'2010 conference in JINR},
    year = {2010},
    volume = {10}
}
@misc{deska-project,
    title = {{The Deska Project Website}},
    howpublished = {\url{http://projects.flaska.net/projects/show/deska}}
}
